@url{zipkin,
	title = {Zipkin - http://twitter.github.io/zipkin/},
	author = {Twitter},
	url = {http://twitter.github.io/zipkin/},
	year = {2012}}

@url{ambrose,
	title = {Ambrose - http://github.com/twitter/ambrose/},
	author = {Twitter},
	url = {http://github.com/twitter/ambrose/},
	year = {2013}}

@techreport{sigelman2010dapper,
	title = {Dapper, a Large-Scale Distributed Systems Tracing Infrastructure},
	author  = {Benjamin H. Sigelman and Luiz Andr√© Barroso and Mike Burrows and Pat Stephenson and Manoj Plakal and Donald Beaver and Saul Jaspan and Chandan Shanbhag},
	year  = 2010,
	URL = {http://research.google.com/archive/papers/dapper-2010-1.pdf},
	institution = {Google, Inc.}
}

@inproceedings{szalay2002sdss,
	Author = {Szalay, Alexander S and Gray, Jim and Thakar, Ani R and Kunszt, Peter Z and Malik, Tanu and Raddick, Jordan and Stoughton, Christopher and vandenBerg, Jan},
	Booktitle = {Proceedings of the 2002 ACM SIGMOD international conference on Management of data},
	Organization = {ACM},
	Pages = {570--581},
	Title = {The SDSS skyserver: public access to the sloan digital sky server data},
	Year = {2002}}



